<record><leader>00000cas a22000007a 4500</leader><controlfield tag="001">11051782</controlfield><controlfield tag="008">840814d19311934arudn ne      0    0eng d</controlfield><datafield ind1=" " ind2=" " tag="010"><subfield code="a">sn 88083529 </subfield></datafield><datafield ind1=" " ind2=" " tag="040"><subfield code="a">NMF</subfield><subfield code="b">eng</subfield><subfield code="c">NMF</subfield><subfield code="d">PPM</subfield><subfield code="d">ANU</subfield><subfield code="d">OCLCQ</subfield><subfield code="d">OCLCF</subfield><subfield code="d">OCLCO</subfield></datafield><datafield ind1=" " ind2=" " tag="042"><subfield code="a">msc</subfield></datafield><datafield ind1=" " ind2=" " tag="043"><subfield code="a">n-us-ar</subfield></datafield><datafield ind1="0" ind2="4" tag="245"><subfield code="a">The Texarkana press.</subfield></datafield><datafield ind1=" " ind2=" " tag="260"><subfield code="a">Texarkana, Ark. :</subfield><subfield code="b">Texarkana Press Pub. Co.,</subfield><subfield code="c">1931-</subfield></datafield><datafield ind1=" " ind2=" " tag="310"><subfield code="a">Daily (except Saturday),</subfield><subfield code="b">Sept. 11, 1932-&lt;June 1934&gt;</subfield></datafield><datafield ind1=" " ind2=" " tag="321"><subfield code="a">Daily (except Sunday),</subfield><subfield code="b">May 21, 1931-Sept. 9, 1932</subfield></datafield><datafield ind1="0" ind2=" " tag="362"><subfield code="a">Vol. 1, no. 1 (May 21, 1931)-</subfield></datafield><datafield ind1="1" ind2=" " tag="362"><subfield code="a">Ceased in June 1934.</subfield></datafield><datafield ind1=" " ind2=" " tag="500"><subfield code="a">"Presbyterian Book Store 26th Birthday" issue: Sept. 21, 1932.</subfield></datafield><datafield ind1=" " ind2="0" tag="651"><subfield code="a">Texarkana (Ark.)</subfield><subfield code="v">Newspapers.</subfield></datafield><datafield ind1=" " ind2="7" tag="655"><subfield code="a">Newspapers.</subfield><subfield code="2">fast</subfield><subfield code="0">(OCoLC)fst01423814</subfield></datafield><datafield ind1=" " ind2="7" tag="651"><subfield code="a">Arkansas</subfield><subfield code="z">Texarkana.</subfield><subfield code="2">fast</subfield><subfield code="0">(OCoLC)fst01216853</subfield></datafield><datafield ind1=" " ind2=" " tag="752"><subfield code="a">United States</subfield><subfield code="b">Arkansas</subfield><subfield code="c">Miller</subfield><subfield code="d">Texarkana.</subfield></datafield><datafield ind1="0" ind2="5" tag="785"><subfield code="t">Texarkana gazette</subfield><subfield code="w">(DLC)sn 86090322</subfield></datafield><datafield ind1="0" ind2="5" tag="785"><subfield code="t">Texarkana daily news</subfield><subfield code="w">(DLC)sn 86090321</subfield></datafield></record>